% Encoding: UTF-8

@Electronic{pronouns,
  author       = {Abigail Saguy and Juliet Williams},
  year         = {2020},
  note         = {[Access 2025-07-23]},
  title        = {Why We Should All Use They/Them Pronouns},
  url          = {https://blogs.scientificamerican.com/voices/why-we-should-all-use-they-them-pronouns/},
}

@Electronic{apaDefinitions,
  author       = {{APA}},
  year         = {2021},
  note         = {[Access 2021-04-06]},
  title        = {Definitions Related to Sexual Orientation},
  url          = {https://www.apa.org/pi/lgbt/resources/sexuality-definitions.pdf},
}

@Electronic{diaMat,
  author       = {{Marxists Internet Archive}},
  year         = {2023},
  note         = {[Access 2025-07-23]},
  title        = {Encyclopedia of Marxism},
  url          = {https://www.marxists.org/glossary/terms/d/i.htm},
}

@Electronic{fomStift,
  author       = {{FOM}},
  year         = {2025},
  note         = {[Access 2025-07-23]},
  title        = {Das besondere Format der FOM Hochschule},
  url          = {https://www.fom.de/de/die-fom/hochschule-besonderen-formats.html},
}

@Electronic{fomDls,
  author       = {{FOM}},
  year         = {2025},
  note         = {[Access 2025-07-23]},
  title        = {Digitales Live-Studium},
  url          = {https://www.fom.de/digital.html},
}

@Electronic{fomCampus,
  author       = {{FOM}},
  year         = {2025},
  note         = {[Access 2025-07-23]},
  title        = {Campus Studium},
  url          = {https://www.fom.de/campus.html},
}

@Electronic{myStudium,
  author       = {{IU Internationale Hochschule}},
  year         = {2025},
  note         = {[Access 2025-07-23]},
  title        = {myStudium Studienmodell},
  url          = {https://www.iu.de/mystudium/studienmodell/},
}

@Electronic{feuHagen,
  author       = {{FeU Hagen}},
  year         = {2025},
  note         = {[Access 2025-07-23]},
  title        = {FernUniversität in Hagen},
  url          = {https://www.fernuni-hagen.de/english/university/index.shtml},
}

@Electronic{cheDaten,
  author       = {{CHE}},
  year         = {2025},
  note         = {[Access 2025-07-23]},
  title        = {Students in Germany},
  url          = {https://hochschuldaten.che.de/data-on-higher-education-in-germany/students/},
}

@Electronic{caseScribbr,
  author       = {Shona McCombes},
  year         = {2019},
  note         = {[Access 2025-07-23]},
  title        = {What Is a Case Study?},
  url          = {https://www.scribbr.de/methodik/experiment/},
}

@inbook{3dgreesMore,
  author       = {Stephan Rahmstorf},
  editor       = {Klaus Wiegandt},
  year         = {2024},
  title        = {Climate and Weather at 3 Degrees More},
  bookTitle    = {3 Degrees More: The Impending Hot Season and How Nature Can Help Us Prevent It},
  pages        = {3--17},
  publisher    = {Springer Nature Switzerland},
  address      = {Cham},
  doi          = {10.1007/978-3-031-58144-1_1},
  isbn         = {978-3-031-58144-1},
}

@inbook{zukunft,
  author       = {Stefan Tewes},
  editor       = {Carolin Tewes, Stefan Tewes, Benjamin Niestroj},
  title        = {Geschäftsmodelle in die Zukunft denken},
  chapter      = {2},
  pages        = {9--20},
  year         = {2020},
  publisher    = {Springer Nature},
  address      = {Wiesbaden},
  doi          = {10.1007/978-3-031-58144-1_1},
}

@book{alexBmc,
  title        = {Business Model Generation: Ein Handbuch für Visionäre, Spielveränderer und Herausforderer},
  author       = {Osterwalder, A. and Pigneur, Y. and Wegberg, J.T.A.},
  isbn         = {9783593394749},
  year         = {2011},
  publisher    = {Campus Verlag}
}

@Comment{jabref-meta: databaseType:bibtex;}
